@misc{colciencias2015modelo,
  title={Modelo de medici{\'o}n de grupos de investigaci{\'o}n, desarrollo tecnol{\'o}gico o de innovaci{\'o}n y de reconocimiento de investigadores del sistema nacional de ciencia, tecnolog{\'\i}a e innovaci{\'o}n},
  author={Colciencias},
  year={2015},
  url={https://minciencias.gov.co/sites/default/files/ckeditor_files/M304PR05G01-modelo-medicion-grupos-v3.pdf}
}

@article{rave2012como,
  title={?`C{\'o}mo identificar la literatura ``poco-vital'' y cuantificar su representatividad? Aplicaci{\'o}n al problema del vendedor viajero},
  author={Rave, Jorge P{\'e}rez and {\'A}lvarez, Gloria P Jaramillo and Henao, Juan D Vel{\'a}squez},
  journal={Ingenier{\'\i}a Industrial. Actualidad y Nuevas Tendencias},
  volume={3},
  number={8},
  pages={51--60},
  year={2012},
  publisher={Universidad de Carabobo}
}
